@misc{moore1965cramming,
  title={Cramming more components onto integrated circuits},
  author={Moore, Gordon E and others},
  year={1965},
  publisher={McGraw-Hill New York, NY, USA}
}

@inproceedings{haller2007actors,
  title={Actors that unify threads and events},
  author={Haller, Philipp and Odersky, Martin},
  booktitle={Coordination Models and Languages},
  pages={171--190},
  year={2007},
  organization={Springer}
}

@inproceedings{krohn2004building,
  title={Building Secure High-Performance Web Services with OKWS.},
  author={Krohn, Maxwell N},
  booktitle={USENIX Annual Technical Conference, General Track},
  pages={185--198},
  year={2004}
}

@book{sevenModels,
        author = {Paul Butcher},
        title = {Seven Concurrency Models in Seven Weeks},
        year = {2014},
        publisher = {Pragmatic Bookshelf},
        note = {{ISBN-13: 978-1937785659}},
}

@book{bryant2011computer,
  title={Computer systems: a programmer's perspective},
  author={Bryant, Randal and David Richard, O'Hallaron},
  year={2011},
  publisher={Prentice Hall}
}

@book{tanenbaum2008modern,
  title={Modern operating systems},
  author={Tanenbaum, Andrew S},
  year={2008},
  publisher={Prentice Hall Press}
}
@conference{isca2009,
  author       = {Kathy Yelick}, 
  title        = {Ten Ways to Waste a Parallel 
Computer},
  year         = 2009,
  month        = 6,
  organization = {ISCA},
  url = { http://isca09.cs.columbia.edu/ISCA09-WasteParallelComputer.pdf }
}

@article{shavit1997software,
  title={Software transactional memory},
  author={Shavit, Nir and Touitou, Dan},
  journal={Distributed Computing},
  volume={10},
  number={2},
  pages={99--116},
  year={1997},
  publisher={Springer}
}

@inproceedings{saha2006mcrt,
  title={McRT-STM: a high performance software transactional memory system for a multi-core runtime},
  author={Saha, Bratin and Adl-Tabatabai, Ali-Reza and Hudson, Richard L and Minh, Chi Cao and Hertzberg, Benjamin},
  booktitle={Proceedings of the eleventh ACM SIGPLAN symposium on Principles and practice of parallel programming},
  pages={187--197},
  year={2006},
  organization={ACM}
}

@inproceedings{harris2005composable,
  title={Composable memory transactions},
  author={Harris, Tim and Marlow, Simon and Peyton-Jones, Simon and Herlihy, Maurice},
  booktitle={Proceedings of the tenth ACM SIGPLAN symposium on Principles and practice of parallel programming},
  pages={48--60},
  year={2005},
  organization={ACM}
}

@inproceedings{goodman2011muts,
  title={Muts: Native scala constructs for software transactional memory},
  author={Goodman, Daniel and Khan, Behram and Khan, Salman and Kirkham, Chris and Luj{\'a}n, Mikel and Watson, Ian},
  booktitle={Scala Days Workshop, Stanford},
  year={2011}
}
@misc{actorLangNextVideo,
	author = {Erik Meijer, Carl Hewitt, Clemens Szyperski},
	title = {The Actor Model (everything you wanted to know, but were afraid to ask)},
	howpublished = {Lang.NEXT 2012},
 	year = {2012},
	url ={http://goo.gl/CT954x},
	note = {{Located September 2014}},
}

@article{hewitt2014actor,
  title={Actor model of computation: scalable robust information systems},
  author={Carl Hewitt},
  journal={arXiv preprint arXiv:1008.1459v34},
  year={2014}
}

@book{odersky2011programming,
  title={Programming in scala},
  author={Odersky, Martin and Spoon, Lex and Venners, Bill},
  edition = {Second},
  year={2011},
  publisher={Artima Inc}
}

@inproceedings{scherer2005advanced,
  title={Advanced contention management for dynamic software transactional memory},
  author={Scherer III, William N and Scott, Michael L},
  booktitle={Proceedings of the twenty-fourth annual ACM symposium on Principles of distributed computing},
  pages={240--248},
  year={2005},
  organization={ACM}
}

@book{elmasri2011fundamentals,
  title={Fundamentals of database systems},
  author={Elmasri, Ramez},
  year={2011},
  publisher={Addison-Wesley}
}

@article{thompson2006moore,
  title={Moore's law: the future of Si microelectronics},
  author={Thompson, Scott E and Parthasarathy, Srivatsan},
  journal={Materials Today},
  volume={9},
  number={6},
  pages={20--25},
  year={2006},
  publisher={Elsevier}
}

@article{mack2011fifty,
  title={Fifty years of Moore's law},
  author={Mack, Chris A},
  journal={Semiconductor Manufacturing, IEEE Transactions on},
  volume={24},
  number={2},
  pages={202--207},
  year={2011},
  publisher={IEEE}
}

@book{dataminingconceptsandtechniques,
 author = {Han, Jiawei and Kamber, Micheline and Pei, Jain},
 title = {Data Mining: Concepts and Techniques},
 year = {2011},
 isbn = {978-0-12-381479-1},
 publisher = {Morgan Kaufmann Publishers Inc.},
 address = {San Francisco, CA, USA},
}

@inproceedings{epstein2011towards,
  title={Towards Haskell in the cloud},
  author={Epstein, Jeff and Black, Andrew P and Peyton-Jones, Simon},
  booktitle={ACM SIGPLAN Notices},
  volume={46},
  number={12},
  pages={118--129},
  year={2011},
  organization={ACM}
}

@article{dean2008mapreduce,
  title={MapReduce: simplified data processing on large clusters},
  author={Dean, Jeffrey and Ghemawat, Sanjay},
  journal={Communications of the ACM},
  volume={51},
  number={1},
  pages={107--113},
  year={2008},
  publisher={ACM}
}

@article{sutter2005free,
  title={The free lunch is over: A fundamental turn toward concurrency in software},
  author={Sutter, Herb},
  journal={Dr. Dobbâ€™s journal},
  volume={30},
  number={3},
  pages={202--210},
  year={2005}
}

@article{sutter2005software,
  title={Software and the concurrency revolution},
  author={Sutter, Herb and Larus, James},
  journal={Queue},
  volume={3},
  number={7},
  pages={54--62},
  year={2005},
  publisher={ACM}
}

@techreport{asanovic2006landscape,
  title={The landscape of parallel computing research: A view from Berkeley},
  author={Asanovic, Krste and Bodik, Ras and Catanzaro, Bryan Christopher and Gebis, Joseph James and Husbands, Parry and Keutzer, Kurt and Patterson, David A and Plishker, William Lester and Shalf, John and Williams, Samuel Webb and others},
  year={2006},
  institution={Technical Report UCB/EECS-2006-183, EECS Department, University of California, Berkeley}
}

@article{hill2008amdahl,
  title={Amdahl's Law in the Multicore Era.},
  author={Hill, Mark D and Marty, Michael R},
  journal={IEEE Computer},
  volume={41},
  number={7},
  pages={33--38},
  year={2008}
}
@book{abdallah2005communicating,
  title={Communicating Sequential Processes. The First 25 Years: Symposium on the Occasion of 25 Years of CSP, London, UK, July 7-8, 2004. Revised Invited Papers},
  author={Abdallah, Ali E and Jones, Cliff B and Sanders, Jeff W},
  volume={3525},
  year={2005},
  publisher={Springer}
}

@incollection{amatriain2011data,
  title={Data mining methods for recommender systems},
  author={Amatriain, Xavier and Jaimes, Alejandro and Oliver, Nuria and Pujol, Josep M},
  booktitle={Recommender Systems Handbook},
  pages={39--71},
  year={2011},
  publisher={Springer},
  isbn = {978-0-387-85819-7}
}

@inproceedings{breese1998empirical,
  title={Empirical analysis of predictive algorithms for collaborative filtering},
  author={Breese, John S and Heckerman, David and Kadie, Carl},
  booktitle={Proceedings of the Fourteenth conference on Uncertainty in artificial intelligence},
  pages={43--52},
  year={1998},
  organization={Morgan Kaufmann Publishers Inc.},
}

@ONLINE{ibmCSP,
  author = {Abhijit Belapurkar},
  title = {CSP for Java programmers},
  month = {June},
  year = {2005},
  url = {http://www.ibm.com/developerworks/java/library/j-csp2/}
}

@article{jones2007beautiful,
  title={Beautiful concurrency},
  author={Jones, Simon Peyton},
  journal={Beautiful code},
  pages={385--406},
  year={2007}
}

@inproceedings{herlihy2003software,
  title={Software transactional memory for dynamic-sized data structures},
  author={Herlihy, Maurice and Luchangco, Victor and Moir, Mark and Scherer III, William N},
  booktitle={Proceedings of the twenty-second annual symposium on Principles of distributed computing},
  pages={92--101},
  year={2003},
  organization={ACM}
}

@inproceedings{totoo2012haskell,
  title={Haskell vs. f\# vs. scala: a high-level language features and parallelism support comparison},
  author={Totoo, Prabhat and Deligiannis, Pantazis and Loidl, Hans-Wolfgang},
  booktitle={Proceedings of the 1st ACM SIGPLAN workshop on Functional high-performance computing},
  pages={49--60},
  year={2012},
  organization={ACM}
}

@inproceedings{singer2003jvm,
  title={JVM versus CLR: a comparative study},
  author={Singer, Jeremy},
  booktitle={Proceedings of the 2nd international conference on Principles and practice of programming in Java},
  pages={167--169},
  year={2003},
  organization={Computer Science Press, Inc.}
}

@inproceedings{hewitt1973universal,
  title={A universal modular actor formalism for artificial intelligence},
  author={Hewitt, Carl and Bishop, Peter and Steiger, Richard},
  booktitle={Proceedings of the 3rd international joint conference on Artificial intelligence},
  pages={235--245},
  year={1973},
  organization={Morgan Kaufmann Publishers Inc.}
}

@book{haller2012actors,
  title={Actors in Scala},
  author={Haller, Philipp and Sommers, Frank},
  year={2012},
  publisher={Artima Incorporation}
}

@article{minsky2008caml,
  title={Caml trading--experiences with functional programming on wall street},
  author={Minsky, Yaron and Weeks, Stephen},
  journal={Journal of Functional Programming},
  volume={18},
  number={04},
  pages={553--564},
  year={2008},
  publisher={Cambridge Univ Press}
}

@article{hoare1978communicating,
  title={Communicating sequential processes},
  author={Hoare, Charles Antony Richard},
  journal={Communications of the ACM},
  volume={21},
  number={8},
  pages={666--677},
  year={1978},
  publisher={ACM}
}
@ONLINE{RxJava,
  author = {Netflix Inc.},
  title = {Source repository for RxJava},
  month = 10,
  year = {2014},
  url = {https://github.com/ReactiveX/RxJava/}
}

@ONLINE{react,
  author = {Facebook},
  title = {Documentation of React},
  month = 10,
  year = {2014},
  url = {http://facebook.github.io/react/}
}


@ONLINE{roslynsamples,
  author = {Microsoft},
  title = {Roslyn Samples and Walktroughs},
  month = 2,
  year = {2015},
  url = {https://github.com/dotnet/roslyn/wiki/Samples-and-Walkthroughs}
}


@ONLINE{roslynwiki,
  author = {Microsoft},
  title = {Roslyn wiki},
  month = 2,
  year = {2015},
  url = {https://github.com/dotnet/roslyn/wiki}
}

@ONLINE{roslynwikiOverview,
  author = {Microsoft},
  title = {.NET Compiler Platform ("Roslyn") Overview},
  month = 1,
  year = {2015},
  url = {https://github.com/dotnet/roslyn/wiki/Roslyn%20Overview}
}

@ONLINE{roslynBinder,
  author = {Anthony D. Green (ADGreen)},
  title = {Provide access to the binder},
  month = 4,
  year = {2014},
  url = {https://roslyn.codeplex.com/discussions/541303}
}

@ONLINE{roslyn,
  author = {Microsoft},
  title = {Roslyn wiki},
  month = 2,
  year = {2015},
  url = {https://github.com/dotnet/roslyn}
}

@ONLINE{coreclr,
  author = {Microsoft},
  title = {Core CLR repository},
  month = 2,
  year = {2015},
  url = {https://github.com/dotnet/coreclr}
}



@ONLINE{coreclrBlog,
  author = {Microsoft},
  title = {Core CLR blog},
  month = 2,
  year = {2015},
  url = {http://blogs.msdn.com/b/dotnet/archive/2015/02/03/coreclr-is-now-open-source.aspx}
}

@ONLINE{dart,
  author = {Google},
  title = {Documentation of Dart Language},
  month = 10,
  year = {2014},
  url = {https://www.dartlang.org/docs/tutorials/streams/\#error-handling}
}

@ONLINE{csharp,
  author = {Microsoft},
  title = {Documentation of Rx (Reactive Extensions)},
  month = 10,
  year = {2014},
  url = {https://Rx.codeplex.com/}
}

@inproceedings{tardieu2014x10,
  title={X10 and APGAS at Petascale},
  author={Tardieu, Olivier and Herta, Benjamin and Cunningham, David and Grove, David and Kambadur, Prabhanjan and Saraswat, Vijay and Shinnar, Avraham and Takeuchi, Mikio and Vaziri, Mandana},
  booktitle={Proceedings of the 19th ACM SIGPLAN symposium on Principles and practice of parallel programming},
  pages={53--66},
  year={2014},
  organization={ACM}
}

@article{charles2005x10,
  title={X10: an object-oriented approach to non-uniform cluster computing},
  author={Charles, Philippe and Grothoff, Christian and Saraswat, Vijay and Donawa, Christopher and Kielstra, Allan and Ebcioglu, Kemal and Von Praun, Christoph and Sarkar, Vivek},
  journal={Acm Sigplan Notices},
  volume={40},
  number={10},
  pages={519--538},
  year={2005},
  publisher={ACM}
}

@book{sebestaProLang,
        author = {Robert W. Sebesta},
        title = {Concepts of Programming Languages, 10th Edition},
        year = {2012},
        publisher = {Pearson},
        note = {{ISBN:  978-0-13-139531-2}},
}

@article{kalin2012clojure,
  title={Clojure for Number Crunching on Multicore Machines},
  author={Kalin, Martin and Miller, David},
  journal={Computing in Science \& Engineering},
  volume={14},
  number={6},
  pages={12--23},
  year={2012},
  publisher={AIP Publishing}
}

@book{gamma1994design,
  title={Design patterns: elements of reusable object-oriented software},
  author={Gamma, Erich and Helm, Richard and Johnson, Ralph and Vlissides, John},
  year={1994},
  publisher={Pearson Education}
}

@book{weikum2001transactional,
  title={Transactional information systems: theory, algorithms, and the practice of concurrency control and recovery},
  author={Weikum, Gerhard and Vossen, Gottfried},
  year={2001},
  publisher={Elsevier}
}

@book{StudyInConcurrency,
  title={A Study in Concurrency},
  author={Damborg, B. and Hansen, A.M.},
  year={2006},
  publisher={Aalborg University. Department of Computer Science}
}

@inproceedings{karmani2009actor,
  title={Actor frameworks for the JVM platform: a comparative analysis},
  author={Karmani, Rajesh K and Shali, Amin and Agha, Gul},
  booktitle={Proceedings of the 7th International Conference on Principles and Practice of Programming in Java},
  pages={11--20},
  year={2009},
  organization={ACM}
}

@article{agha1985actors,
  title={Actors: a model of concurrent computation in distributed systems},
  author={Agha, Gul Abdulnabi},
  year={1985},
}

@incollection{tasharofi2013scala,
  title={Why do scala developers mix the actor model with other concurrency models?},
  author={Tasharofi, Samira and Dinges, Peter and Johnson, Ralph E},
  booktitle={ECOOP 2013--Object-Oriented Programming},
  pages={302--326},
  year={2013},
  publisher={Springer}
}

@article{lee2006problem,
  title={The problem with threads},
  author={Lee, Edward A},
  journal={Computer},
  volume={39},
  number={5},
  pages={33--42},
  year={2006},
  publisher={IEEE}
}

@book{subramaniam2011programming,
  title={Programming Concurrency on the JVM: Mastering Synchronization, STM, and Actors},
  author={Subramaniam, Venkat},
  year={2011},
  publisher={Pragmatic Bookshelf}
}

@incollection{karmani2011actors,
  title={Actors},
  author={Karmani, Rajesh K and Agha, Gul},
  booktitle={Encyclopedia of Parallel Computing},
  pages={1--11},
  year={2011},
  publisher={Springer}
}

@incollection{scott2011sync,
  title={Synchronization},
  author={Scott, Michael L},
  booktitle={Encyclopedia of Parallel Computing},
  pages={1989--1996},
  year={2011},
  publisher={Springer}
}

@incollection{hendler2011nonblocking,
  title={Non-Blocking Algorithms},
  author={Hendler, Danny},
  booktitle={Encyclopedia of Parallel Computing},
  pages={1321--1328},
  year={2011},
  publisher={Springer}
}

@misc{lee1999overview,
  title={Overview of the ptolemy project},
  author={Lee, Edward A and John, II},
  year={1999},
  publisher={Electronics Research Laboratory, College of Engineering, University of California}
}

@article{cleaveland1996strategic,
  title={Strategic directions in concurrency research},
  author={Cleaveland, Rance and Smolka, Scott A},
  journal={ACM Computing Surveys (CSUR)},
  volume={28},
  number={4},
  pages={607--625},
  year={1996},
  publisher={ACM}
}

@article{papadopoulos1998coordination,
  title={Coordination models and languages},
  author={Papadopoulos, George A and Arbab, Farhad},
  journal={Advances in computers},
  volume={46},
  pages={329--400},
  year={1998},
  publisher={Elsevier}
}

@ONLINE{introPar,
  author = {Barney, Blaise},
  title = {Introduction to Parallel Computing},
  month = 11,
  year = {2014},
  url = {https://computing.llnl.gov/tutorials/parallel_comp}
}

@ONLINE{mackay1997has,
  title={Why has the actor model not succeeded},
  author={Mackay, Paul},
  year = {1997},
  url = {http://www.doc.ic.ac.uk/~nd/surprise_97/journal/vol2/pjm2/}
}

@book{agha1986overview,
  title={An overview of actor languages},
  author={Agha, Gul},
  volume={21},
  number={10},
  year={1986},
  publisher={ACM}
}

@article{kafura1989inheritance,
  title={Inheritance in actor based concurrent object-oriented languages},
  author={Kafura, Dennis G and Lee, Keung Hae},
  journal={The Computer Journal},
  volume={32},
  number={4},
  pages={297--304},
  year={1989},
  publisher={Br Computer Soc}
}

@book{herlihy1993transactional,
  title={Transactional memory: Architectural support for lock-free data structures},
  author={Herlihy, Maurice and Moss, J Eliot B},
  volume={21},
  number={2},
  year={1993},
  publisher={ACM}
}

@article{cascaval2008software,
  title={Software transactional memory: Why is it only a research toy?},
  author={Cascaval, Calin and Blundell, Colin and Michael, Maged and Cain, Harold W and Wu, Peng and Chiras, Stefanie and Chatterjee, Siddhartha},
  journal={Queue},
  volume={6},
  number={5},
  pages={40},
  year={2008},
  publisher={ACM}
}

@incollection{afek2011lowering,
  title={Lowering STM overhead with static analysis},
  author={Afek, Yehuda and Korland, Guy and Zilberstein, Arie},
  booktitle={Languages and Compilers for Parallel Computing},
  pages={31--45},
  year={2011},
  publisher={Springer}
}

@incollection{herlihy2011tm,
  title={Transactional Memory},
  author={Herlihy, Maurice},
  booktitle={Encyclopedia of Parallel Computing},
  pages={2079--2086},
  year={2011},
  publisher={Springer}
}

@book{herlihy2012art,
  title={The Art of Multiprocessor Programming, Revised Reprint},
  author={Herlihy, Maurice and Shavit, Nir},
  year={2012},
  publisher={Elsevier}
}

@article{Anthes:2014:RSP:2684442.2667109,
 author = {Anthes, Gary},
 title = {Researchers Simplify Parallel Programming},
 journal = {Commun. ACM},
 issue_date = {November 2014},
 volume = {57},
 number = {11},
 month = oct,
 year = {2014},
 issn = {0001-0782},
 pages = {13--15},
 numpages = {3},
 url = {http://doi.acm.org/10.1145/2667109},
 doi = {10.1145/2667109},
 acmid = {2667109},
 publisher = {ACM},
 address = {New York, NY, USA}
} 

@article{dragojevic2011stm,
  title={Why STM can be more than a research toy},
  author={Dragojevi{\'c}, Aleksandar and Felber, Pascal and Gramoli, Vincent and Guerraoui, Rachid},
  journal={Communications of the ACM},
  volume={54},
  number={4},
  pages={70--77},
  year={2011},
  publisher={ACM}
}

@article{imbs2012virtual,
  title={Virtual world consistency: A condition for STM systems (with a versatile protocol with invisible read operations)},
  author={Imbs, Damien and Raynal, Michel},
  journal={Theoretical Computer Science},
  volume={444},
  pages={113--127},
  year={2012},
  publisher={Elsevier}
}

@inproceedings{lev2009anatomy,
  title={Anatomy of a scalable software transactional memory},
  author={Lev, Yossi and Luchangco, Victor and Marathe, Virendra and Moir, Mark and Nussbaum, Dan and Olszewski, Marek},
  booktitle={Proc. 4th ACM SIGPLAN Workshop on Transactional Computing},
  year={2009}
}

@incollection{dice2006transactional,
  title={Transactional locking II},
  author={Dice, Dave and Shalev, Ori and Shavit, Nir},
  booktitle={Distributed Computing},
  pages={194--208},
  year={2006},
  publisher={Springer}
}

@phdthesis{riegel2013software,
  title={Software transactional memory building blocks},
  author={Riegel, Torvald},
  year={2013},
  school={PhD Dissertation}
}

@inproceedings{guerraoui2005toward,
  title={Toward a theory of transactional contention managers},
  author={Guerraoui, Rachid and Herlihy, Maurice and Pochon, Bastian},
  booktitle={Proceedings of the twenty-fourth annual ACM symposium on Principles of distributed computing},
  pages={258--264},
  year={2005},
  organization={ACM}
}

@inproceedings{scherer2004contention,
  title={Contention management in dynamic software transactional memory},
  author={Scherer III, William N and Scott, Michael L},
  booktitle={PODC Workshop on Concurrency and Synchronization in Java programs},
  pages={70--79},
  year={2004}
}

@article{harris2010transactional,
  title={Transactional memory},
  author={Harris, Tim and Larus, James and Rajwar, Ravi},
  journal={Synthesis Lectures on Computer Architecture},
  volume={5},
  number={1},
  pages={1--263},
  year={2010},
  publisher={Morgan \& Claypool Publishers}
}

@article{rossbach2010transactional,
  title={Is transactional programming actually easier?},
  author={Rossbach, Christopher J and Hofmann, Owen S and Witchel, Emmett},
  journal={ACM Sigplan Notices},
  volume={45},
  number={5},
  pages={47--56},
  year={2010},
  publisher={ACM}
}

@book{pankratius2009does,
  title={Does transactional memory keep its promises?: results from an empirical study},
  author={Pankratius, Viktor and Adl-Tabatabai, Ali-Reza and Otto, Frank},
  year={2009},
  publisher={Univ., Fak. f{\"u}r Informatik}
}

@inproceedings{harris2003language,
  title={Language support for lightweight transactions},
  author={Harris, Tim and Fraser, Keir},
  booktitle={ACM SIGPLAN Notices},
  volume={38},
  number={11},
  pages={388--402},
  year={2003},
  organization={ACM}
}

@inproceedings{ramadan2009committing,
  title={Committing conflicting transactions in an STM},
  author={Ramadan, Hany E and Roy, Indrajit and Herlihy, Maurice and Witchel, Emmett},
  booktitle={ACM Sigplan Notices},
  volume={44},
  number={4},
  pages={163--172},
  year={2009},
  organization={ACM}
}

@article{harris2005exceptions,
  title={Exceptions and side-effects in atomic blocks},
  author={Harris, Tim},
  journal={Science of Computer Programming},
  volume={58},
  number={3},
  pages={325--343},
  year={2005},
  publisher={Elsevier}
}

@inproceedings{kumar2011hparstm,
  title={HParSTM: A hierarchy-based STM protocol for supporting nested parallelism},
  author={Kumar, Ranjeet and Vidyasankar, Krishnamurthy},
  booktitle={the 6th ACM SIGPLAN Workshop on Transactional Computing (TRANSACTâ€™11)},
  year={2011}
}

@incollection{welc2004transactional,
  title={Transactional monitors for concurrent objects},
  author={Welc, Adam and Jagannathan, Suresh and Hosking, Antony L},
  booktitle={ECOOP 2004--Object-Oriented Programming},
  pages={518--541},
  year={2004},
  publisher={Springer}
}

@inproceedings{herlihy2008transactional,
  title={Transactional boosting: a methodology for highly-concurrent transactional objects},
  author={Herlihy, Maurice and Koskinen, Eric},
  booktitle={Proceedings of the 13th ACM SIGPLAN Symposium on Principles and practice of parallel programming},
  pages={207--216},
  year={2008},
  organization={ACM}
}

@misc{akkaLecture,
	author = {Viktor Klang},
	title = {Akka 2.0: Scaling Up \& Out With Actors},
 	year = {2012},
	url ={https://www.youtube.com/watch?v=3jbqTxstlC4},
	note = {{Located December 2014}},
}

@misc{akkaDoc,
	author = {Typesafe Inc},
	title = {Akka Scala Documentation},
 	year = {2014},
	url ={http://doc.akka.io/docs/akka/2.3.7/AkkaScala.pdf?_ga=1.163928251.585422583.1418302819},
	note = {{Located December 2014}},
}

@article{trono1994new,
  title={A new exercise in concurrency},
  author={Trono, John A},
  journal={ACM SIGCSE Bulletin},
  volume={26},
  number={3},
  pages={8--10},
  year={1994},
  publisher={ACM}
}

@thesis{nielsen2010benchmarking,
  title={Benchmarking Contention Management Strategies in Clojureâ€™s Software},
  author={Nielsen, Peder RL and Kristiansen, Patrick T},
  pages={60},
  year={2010}
}



@inproceedings{imam2014savina,
  title={Savina-An Actor Benchmark Suite},
  author={Imam, Shams and Sarkar, Vivek},
  booktitle={4th International Workshop on Programming based on Actors, Agents, and Decentralized Control, AGERE},
  year={2014}
}

@article{marr2002hyper,
  title={Hyper-threading technology architecture and microarchitecture: a hyperhtext history},
  author={Marr, Deborah T},
  journal={Intel Technology J.},
  year={2002}
}

@book{kumar2013clojure,
  title={Clojure High Performance Programming},
  author={Kumar, Shantanu},
  year={2013},
  publisher={Packt Publishing Ltd}
}

@phdthesis{tasharofi2014efficient,
  title={Efficient testing of actor programs with non-deterministic behaviors},
  author={Tasharofi, Samira},
  year={2014},
  school={University of Illinois at Urbana-Champaign}
}

@book{dpt907e14trending,
  title={Investigation of trending concurrency models by comparison of performance and characteristics: Software Transactional Memory, Actor Model, and Threads \& Locks.},
  author={Ugleholdt Hansen, Tobias and P{\o}rtner Karlsen, Andreas and Breinholt Laurberg, Kasper},
  year={2015},
  publisher={Aalborg University. Department of Computer Science}
}

@inproceedings{herlihy2003obstruction,
  title={Obstruction-free synchronization: Double-ended queues as an example},
  author={Herlihy, Maurice and Luchangco, Victor and Moir, Mark},
  booktitle={Distributed Computing Systems, 2003. Proceedings. 23rd International Conference},
  pages={522--529},
  year={2003},
  organization={IEEE}
}

@inproceedings{herlihy2006flexible,
  title={A flexible framework for implementing software transactional memory},
  author={Herlihy, Maurice and Luchangco, Victor and Moir, Mark},
  booktitle={ACM SIGPLAN Notices},
  volume={41},
  number={10},
  pages={253--262},
  year={2006},
  organization={ACM}
}

@article{ng2012roslyn,
  title={The Roslyn Project, Exposing the C\# and VB compilerâ€™s code analysis},
  author={Ng, Karen and Warren, M and Golde, P and Hejlsberg, A},
  journal={White paper, Microsoft (Oct. 2011)},
  year={2012}
}

@misc{duffy2010stmnet,
	author = {Joe Duffy},
	title = {A (brief) retrospective on transactional memory},
 	year = {2010},
	url ={http://joeduffyblog.com/2010/01/03/a-brief-retrospective-on-transactional-memory/},
	note = {{Located February 2015}}
}

@article{blundell2006subtleties,
  title={Subtleties of transactional memory atomicity semantics},
  author={Blundell, Colin and Lewis, E Christopher and Martin, Milo MK},
  journal={Computer Architecture Letters},
  volume={5},
  number={2},
  year={2006},
  publisher={IEEE}
}

@unpublished{csharpBuild,
title= {The Future of C\#},
author = {Dustin Campbell, Mads Torgersen},
year = {2014},
note= {Build 2014},
URL= {http://channel9.msdn.com/Events/Build/2014/2-577},
}

@article{herlihy1991wait,
  title={Wait-free synchronization},
  author={Herlihy, Maurice},
  journal={ACM Transactions on Programming Languages and Systems (TOPLAS)},
  volume={13},
  number={1},
  pages={124--149},
  year={1991},
  publisher={ACM}
}

@inproceedings{spear2007privatization,
  title={Privatization techniques for software transactional memory},
  author={Spear, Michael F and Marathe, Virendra J and Dalessandro, Luke and Scott, Michael L},
  booktitle={Proceedings of the twenty-sixth annual ACM symposium on Principles of distributed computing},
  pages={338--339},
  year={2007},
  organization={ACM}
}

@inproceedings{hindman2006atomicity,
  title={Atomicity via source-to-source translation},
  author={Hindman, Benjamin and Grossman, Dan},
  booktitle={Proceedings of the 2006 workshop on Memory system performance and correctness},
  pages={82--91},
  year={2006},
  organization={ACM}
}

@book{sestoft2011c,
  title={C\# precisely},
  author={Sestoft, Peter and Hansen, Henrik I},
  year={2011},
  publisher={MIT Press}
}

@unpublished{campbellDeeperRos,
title= {Going Deeper with Project Roslyn: Exposing the C\# and VB compilerâ€™s code analysis},
author = {Dustin Campbell},
year = {2012},
note= {Lang.NEXT 2012},
URL= {https://channel9.msdn.com/Events/Lang-NEXT/Lang-NEXT-2012/Roslyn},
}

@techreport{guerraoui2007opacity,
  title={Opacity: A correctness condition for transactional memory},
  author={Guerraoui, Rachid and Kapalka, Michal},
  year={2007}
}

@techreport{ennals2006software,
  title={Software transactional memory should not be obstruction-free},
  author={Ennals, Robert},
  year={2006},
  institution={Technical Report IRC-TR-06-052, Intel Research Cambridge Tech Report}
}

@book{fischer2009crafting,
  title={Crafting a compiler},
  author={Fischer, Charles N and Cytron, Ronald K and LeBlanc, Richard J},
  year={2009},
  publisher={Addison-Wesley Publishing Company}
}

@ONLINE{clojureConcurrent,
  author = {Rich Hickey},
  title = {Concurrent Programming},
  month = {March},
  year = {2015},
  url = {http://clojure.org/concurrent_programming}
}

@inproceedings{alistarh2014lock,
  title={Are lock-free concurrent algorithms practically wait-free?},
  author={Alistarh, Dan and Censor-Hillel, Keren and Shavit, Nir},
  booktitle={Proceedings of the 46th Annual ACM Symposium on Theory of Computing},
  pages={714--723},
  year={2014},
  organization={ACM}
}

@inproceedings{mohamedin2013bytestm,
  title={ByteSTM: Virtual machine-level Java software transactional memory},
  author={Mohamedin, Mohamed and Ravindran, Binoy and Palmieri, Roberto},
  booktitle={Coordination Models and Languages},
  pages={166--180},
  year={2013},
  organization={Springer}
}

@misc{lippert2012redgreen,
	author = {Eric Lippert},
	title = {Persistence, Facades and Roslyn's Red-Green Trees},
 	year = {2012},
	url ={http://blogs.msdn.com/b/ericlippert/archive/2012/06/08/persistence-facades-and-roslyn-s-red-green-trees.aspx},
	note = {{Located March 2015}}
}

@misc{sadovRoslynPerf,
	author = {Vladimir Sadov(VSadov)},
	title = {Roslyn's performance},
 	year = {2014},
	url ={https://roslyn.codeplex.com/discussions/541953},
	note = {{Located March 2015}}
}

@inproceedings{fernandes2011lock,
  title={Lock-free and scalable multi-version software transactional memory},
  author={Fernandes, S{\'e}rgio Miguel and Cachopo, Joao},
  booktitle={ACM SIGPLAN Notices},
  volume={46},
  number={8},
  pages={179--188},
  year={2011},
  organization={ACM}
}

@article{reuter1993transaction,
  title={Transaction processing: Concepts and techniques},
  author={Reuter, Gray JA and Gray, Jim},
  journal={MorganKaufmann, San Mateo, CA},
  year={1993}
}

@article{bloch2008effective,
  title={Effective java (the java series)},
  author={Bloch, Joshua},
  year={2008},
  publisher={Prentice Hall PTR}
}

@phdthesis{cachopo2007development,
  title={Development of Rich Domain Models with Atomic Actions},
  author={Cachopo, Jo{\~a}o Manuel Pinheiro},
  year={2007},
  school={Universidade T{\'e}cnica de Lisboa}
}

@inproceedings{lourencco2007testing,
  title={Testing patterns for software transactional memory engines},
  author={Louren{\c{c}}o, Joao and Cunha, Gon{\c{c}}alo},
  booktitle={Proceedings of the 2007 ACM workshop on Parallel and distributed systems: testing and debugging},
  pages={36--42},
  year={2007},
  organization={ACM}
}

@article{al2013nonblocking,
  title={Nonblocking algorithms and scalable multicore programming},
  author={Al Bahra, Samy},
  journal={Queue},
  volume={11},
  number={5},
  pages={40},
  year={2013},
  publisher={ACM}
}

@inproceedings{felber2008dynamic,
  title={Dynamic performance tuning of word-based software transactional memory},
  author={Felber, Pascal and Fetzer, Christof and Riegel, Torvald},
  booktitle={Proceedings of the 13th ACM SIGPLAN Symposium on Principles and practice of parallel programming},
  pages={237--246},
  year={2008},
  organization={ACM}
}

@inproceedings{zhang2008commit,
  title={Commit phase in timestamp-based STM},
  author={Zhang, Rui and Budimli{\'c}, Zoran and Scherer III, William N},
  booktitle={Proceedings of the twentieth annual symposium on Parallelism in algorithms and architectures},
  pages={326--335},
  year={2008},
  organization={ACM}
}

@incollection{avni2008maintaining,
  title={Maintaining consistent transactional states without a global clock},
  author={Avni, Hillel and Shavit, Nir},
  booktitle={Structural Information and Communication Complexity},
  pages={131--140},
  year={2008},
  publisher={Springer}
}

@inproceedings{riegel2007time,
  title={Time-based transactional memory with scalable time bases},
  author={Riegel, Torvald and Fetzer, Christof and Felber, Pascal},
  booktitle={Proceedings of the nineteenth annual ACM symposium on Parallel algorithms and architectures},
  pages={221--228},
  year={2007},
  organization={ACM}
}

@misc{csharp2013specificaiton,
	author = {Microsoft Corporation},
	title = {C\# Language Specification Version 5.0},
 	year = {2013},
	url ={https://www.microsoft.com/en-us/download/details.aspx?id=7029},
	note = {{Located March 2015}}
}

@misc{gafter2011,
	author = {Neal Gafter},
	title = {Flow Analysis in the Roslyn C\# Compiler},
 	year = {2011},
	url ={https://github.com/dotnet/roslyn/blob/master/src/Compilers/CSharp/Portable/FlowAnalysis/Flow%20Analysis%20Design.docx},
	note = {{Located March 2015}}
}

@misc{cSharp2012interactive,
	author = {C\# Team},
	title = {Roslyn CTP Introduces Interactive Code for C\#},
 	year = {2012},
	url ={http://blogs.msdn.com/b/csharpfaq/archive/2012/01/30/roslyn-ctp-introduces-interactive-code-for-c.aspx},
	note = {{Located March 2015}}
}

@inproceedings{nunes2003cps,
  title={CPS recursive ascent parsing},
  author={Nunes-Harwitt, Arthur},
  booktitle={Proc. of Internat. LISP Conf},
  year={2003}
}